% GPGPU general view
 @article{Hu:2016:CLG:2891449.2873053,
  author = {Hu, Liang and Che, Xilong and Zheng, Si-Qing},
  title = {A Closer Look at GPGPU},
  journal = {ACM Comput. Surv.},
  issue_date = {May 2016},
  volume = {48},
  number = {4},
  month = mar,
  year = {2016},
  issn = {0360-0300},
  pages = {60:1--60:20},
  articleno = {60},
  numpages = {20},
  url = {http://doi.acm.org.eaccess.ub.tum.de/10.1145/2873053},
  doi = {10.1145/2873053},
  acmid = {2873053},
  publisher = {ACM},
  address = {New York, NY, USA},
  keywords = {GPGPU, SIMD, conceptual model, micro-architecture, parallel computing},
 }

% Introducing the GPU computing era
 @article{nickolls2010gpu,
  title={The GPU computing era},
  author={Nickolls, John and Dally, William J},
  journal={IEEE micro},
  number={2},
  pages={56--69},
  year={2010},
  publisher={IEEE}
}
